% logic, formal methods, verification
@article{hoare69,
	author = {C. A. R. Hoare},
	title = {An Axiomatic Basis for Computer Programming},
	year = {1969},
	month = {October},
	journal = {Communications of the ACM},
	volume = {12},
	number = {10},
	pages = {576--580,583}
}
@article{floyd67,
	author = {Robert W. Floyd},
	title = {Assigning Meanigs to Programs},
	year = {1967},
	journal = {Proceedings of Symposium on Applied Mathematics},
	volume = {19},
	pages = {19--32}
}
@article{pnueli77,
	author = {Amir Pnueli},
	title = {The temporal logic of programs},
	year = {1977},
	journal = {Proceedings of the 18th IEEE Symposium on the Foundations of Computer Science (FOCS-77)},
	pages = {46--57}
}
@inproceedings{dwyer99patterns,
	author = {Matthew B. Dwyer and George S. Avrunin and James C. Corbett},
	title = {Patterns in property specifications for finite-state
		verification},
	year = {1999},
	booktitle = {Proceedings of the 21st international conference on Software
		engineering},
	series = {ICSE '99},
	location = {Los Angeles, California, United States},
	pages = {411--420},
	numpages = {10},
	publisher = {ACM},
	address = {New York, NY, USA},
}



% runtime verification
@article{leucker09abriefaccount,
	author = {Martin Leucker and Christian Schallhart},
	title = {A brief account of runtime verification},
	year = {2009},
	journal = {The Journal of Logic and Algebraic Programming},
	volume = {78},
	number = {5},
	pages = {293--303}
}
@inproceedings{bauer06monitoring,
	author = {Andreas Bauer and Martin Leucker and Christian Schallhart},
	title = {Monitoring of real-time properties},
	booktitle = {In Proceedings of the 26th Conference on Foundations of Software Technology and Theoretical Computer Science (FSTTCS), volume 4337 of LNCS},
	year = {2006},
	pages = {260--272},
	publisher = {Springer}
}
@techreport{bauer07rvltl,
    author = {Andreas Bauer and Martin Leucker and Christian Schallhart},
    title = {Runtime verification for LTL and TLTL},
    institution = {Institut für Informatik, Technische Universität München},
    year = {2007},
    month = {December}
}
@misc{bauer08goodbadugly,
    author = {Andreas Bauer and Martin Leucker and Christian Schallhart},
    title = {The good, the bad, and the ugly, but how ugly is ugly?},
    year = {2008}
}
@article{delgado04taxonomy,
	author = {Nelly Delgado and Ann Q. Gates and Steve Roach},
	title = {A Taxonomy and Catalog of Runtime Software-Fault Monitoring Tools},
	year = {2004},
	month = {December},
	journal = {IEEE Transactions on Software Engineering},
	volume = {30},
	number = {12},
	pages = {859--872}
}
@inproceedings{bodden04lightweightltl,
	author = {Eric Bodden},
	title = {{A lightweight LTL runtime verification tool for Java}},
	year = {2004},
	nonth = {October},
	booktitle = {Companion to the 19th Annual ACM SIGPLAN Conference on Object-Oriented Programming, Systems, Languages, and Applications, OOPSLA 2004, October 24-28, 2004, Vancouver, BC, Canada},
	pages = {306--307},
	note = {ACM Student Research Competition},
	
	ee = {10.1145/1028664.1028776},
	kind = {Workshop},
	url = {http://www.bodden.de/pubs/bodden04lightweight.pdf},
	publisher = {ACM},
	Bdsk-Url-1 = {http://www.bodden.de/pubs/bodden04lightweight.pdf}}
@inproceedings{bodden05efficientrv,
	author = {Eric Bodden},
	title = {{Efficient and Expressive Runtime Verification for Java}},
	year = {2005},
	month = {March},
	booktitle = {{Grand Finals of the ACM Student Research Competition 2005}},
	
	kind = {Workshop},
	awarded = {Winner paper of the Grand Finals},
	url = {http://www.bodden.de/pubs/bodden05efficient.pdf},
	Bdsk-Url-1 = {http://www.bodden.de/pubs/bodden05efficient.pdf}}
}


% testing, unit testing, assertions
@article{meyer92applyingdbc,
	author = {Bertrand Meyer},
	title = {Applying "Design by Contract"},
	year = {1992},
	month = {October},
	journal = {Computer (IEEE)},
	volume = {25},
	number = {10},
	pages = {40--51}
}
@article{rosenblum95practicalassertions,
	author = {David S. Rosenblum},
	title = {A Practical Approach to Programming With Assertions},
	year = {1995},
	month = {January},
	journal = {IEEE Transactions on Software Engineering},
	volume = {21},
	number = {1},
	pages = {19--31}
}
@article{bartetzko01jass,
	author = {Detlef Bartetzko and Clemens Fischer and Michael Möller and Heike Wehrheim},
	title = {Jass -- Java with Assertions},
	year = {2001},
	journal = {Electronic Notes in Theoretical Computer Science},
	volume = {55},
	number = {2},
	pages = {103--117},
	note = {RV'2001, Runtime Verification (in connection with CAV '01)}
}
@misc{north06bdd,
	author = {Dan North},
	title = {Introducing BDD},
	year = {2006}
	note = {\texttt{http://dannorth.net/introducing-bdd/}, Retrieved on
		2012-08-22}
}
@misc{fowler07expectations,
	author = {Martin Fowler},
	title = {},
	year = {2007},
	note = {\texttt{http://martinfowler.com/articles/mocksArentStubs.html}, Retrieved on
		2012-08-22}


% aspect-oriented programming, instrumentation
@misc{becksmalltalktesting,
	author = {Kent Beck},
	title = {Simple Smalltalk Testing: With Patterns},
	year = {},
	month = {},
	note = {\texttt{http://www.xprogramming.com/testfram.htm}, Retrieved on 2012-07-03}
}
@misc{fowlerxunit,
	author = {Martin Fowler},
	title = {Xunit},
	year = {},
	month = {},
	note = {\texttt{http://www.martinfowler.com/bliki/Xunit.html}, Retrieved on 2012-07-03}
}
@misc{matusiak09aoppy,
	author = {Martin Matusiak},
	title = {Strategies for aspect oriented programming in Python},
	year = {2009},
	month = {May}
}
%note = {\texttt{http://www.matusiak.eu/numerodix/blog/wp-content/uploads/aop\_strategies.pdf}}


% other
@article{huebscher08survey,
	author = {Markus C. Huebscher and Julie A. McCann},
	title = {A survey of autonomic computing \- degrees, models, and
		applications},
	year = {2008},
	journal = {ACM Computing Surveys},
	issue_date = {August 2008},
	volume = {40},
	number = {3},
	month = {August},
	issn = {0360-0300},
	pages = {7:1--7:28},
	articleno = {7},
	numpages = {28},
	publisher = {ACM},
}
@book{brooks75mythicalmanmonth,
	author = {Brooks, Jr., Frederick P. },
	title = {The Mythical Man-Month: Essays on Software Engineering},
	year = {1975},
	publisher = {Addison-Wesley}
}
